
@article{pan2013,
	title = {The Structure, Distribution, and Biomass of the World's Forests},
	author = {{Pan}, {Yude} and {Birdsey}, {Richard A.} and {Phillips}, {Oliver L.} and {Jackson}, {Robert B.}},
	year = {2013},
	date = {2013},
	journal = {Annual Review of Ecology, Evolution, and Systematics},
	pages = {593--622},
	volume = {44},
	number = {1},
	doi = {10.1146/annurev-ecolsys-110512-135914}
}

@article{matos2020,
	title = {Secondary forest fragments offer important carbon and biodiversity cobenefits},
	author = {{Matos}, {Fabio A. R.} and {Magnago}, {Luiz F. S.} and {Aquila Chan Miranda}, {Carlos} and {Menezes}, {Luis F. T.} and {Gastauer}, {Markus} and {Safar}, {Nathália V. H.} and {Schaefer}, {Carlos E. G. R.} and {Silva}, {Mônica P.} and {Simonelli}, {Marcelo} and {Edwards}, {Felicity A.} and {Martins}, {Sebastião V.} and {Meira{-}Neto}, {João A. A.} and {Edwards}, {David P.}},
	year = {2020},
	month = {02},
	date = {2020-02},
	journal = {Global Change Biology},
	pages = {509--522},
	volume = {26},
	number = {2},
	doi = {10.1111/gcb.14824},
	url = {https://onlinelibrary.wiley.com/doi/10.1111/gcb.14824},
	langid = {en}
}

@article{smith2020,
	title = {Secondary forests offset less than 10% of deforestation{-}mediated carbon emissions in the Brazilian Amazon},
	author = {{Smith}, {Charlotte C.} and {Espírito{-}Santo}, {Fernando D. B.} and {Healey}, {John R.} and {Young}, {Paul J.} and {Lennox}, {Gareth D.} and {Ferreira}, {Joice} and {Barlow}, {Jos}},
	year = {2020},
	month = {12},
	date = {2020-12},
	journal = {Global Change Biology},
	pages = {7006--7020},
	volume = {26},
	number = {12},
	doi = {10.1111/gcb.15352},
	url = {https://onlinelibrary.wiley.com/doi/10.1111/gcb.15352},
	langid = {en}
}

@article{hubau2020,
	title = {Asynchronous carbon sink saturation in African and Amazonian tropical forests},
	author = {{Hubau}, {Wannes} and {Lewis}, {Simon L.} and {Phillips}, {Oliver L.} and {Affum-Baffoe}, {Kofi} and {Beeckman}, {Hans} and {Cuní-Sanchez}, {Aida} and {Daniels}, {Armandu K.} and {Ewango}, {Corneille E. N.} and {Fauset}, {Sophie} and {Mukinzi}, {Jacques M.} and {Sheil}, {Douglas} and {Sonké}, {Bonaventure} and {Sullivan}, {Martin J. P.} and {Sunderland}, {Terry C. H.} and {Taedoumg}, {Hermann} and {Thomas}, {Sean C.} and {White}, {Lee J. T.} and {Abernethy}, {Katharine A.} and {Adu-Bredu}, {Stephen} and {Amani}, {Christian A.} and {Baker}, {Timothy R.} and {Banin}, {Lindsay F.} and {Baya}, {Fidèle} and {Begne}, {Serge K.} and {Bennett}, {Amy C.} and {Benedet}, {Fabrice} and {Bitariho}, {Robert} and {Bocko}, {Yannick E.} and {Boeckx}, {Pascal} and {Boundja}, {Patrick} and {Brienen}, {Roel J. W.} and {Brncic}, {Terry} and {Chezeaux}, {Eric} and {Chuyong}, {George B.} and {Clark}, {Connie J.} and {Collins}, {Murray} and {Comiskey}, {James A.} and {Coomes}, {David A.} and {Dargie}, {Greta C.} and {de Haulleville}, {Thales} and {Kamdem}, {Marie Noel Djuikouo} and {Doucet}, {Jean-Louis} and {Esquivel-Muelbert}, {Adriane} and {Feldpausch}, {Ted R.} and {Fofanah}, {Alusine} and {Foli}, {Ernest G.} and {Gilpin}, {Martin} and {Gloor}, {Emanuel} and {Gonmadje}, {Christelle} and {Gourlet-Fleury}, {Sylvie} and {Hall}, {Jefferson S.} and {Hamilton}, {Alan C.} and {Harris}, {David J.} and {Hart}, {Terese B.} and {Hockemba}, {Mireille B. N.} and {Hladik}, {Annette} and {Ifo}, {Suspense A.} and {Jeffery}, {Kathryn J.} and {Jucker}, {Tommaso} and {Yakusu}, {Emmanuel Kasongo} and {Kearsley}, {Elizabeth} and {Kenfack}, {David} and {Koch}, {Alexander} and {Leal}, {Miguel E.} and {Levesley}, {Aurora} and {Lindsell}, {Jeremy A.} and {Lisingo}, {Janvier} and {Lopez-Gonzalez}, {Gabriela} and {Lovett}, {Jon C.} and {Makana}, {Jean-Remy} and {Malhi}, {Yadvinder} and {Marshall}, {Andrew R.} and {Martin}, {Jim} and {Martin}, {Emanuel H.} and {Mbayu}, {Faustin M.} and {Medjibe}, {Vincent P.} and {Mihindou}, {Vianet} and {Mitchard}, {Edward T. A.} and {Moore}, {Sam} and {Munishi}, {Pantaleo K. T.} and {Bengone}, {Natacha Nssi} and {Ojo}, {Lucas} and {Ondo}, {Fidèle Evouna} and {Peh}, {Kelvin S.-H.} and {Pickavance}, {Georgia C.} and {Poulsen}, {Axel Dalberg} and {Poulsen}, {John R.} and {Qie}, {Lan} and {Reitsma}, {Jan} and {Rovero}, {Francesco} and {Swaine}, {Michael D.} and {Talbot}, {Joey} and {Taplin}, {James} and {Taylor}, {David M.} and {Thomas}, {Duncan W.} and {Toirambe}, {Benjamin} and {Mukendi}, {John Tshibamba} and {Tuagben}, {Darlington} and {Umunay}, {Peter M.} and {van der Heijden}, {Geertje M. F.} and {Verbeeck}, {Hans} and {Vleminckx}, {Jason} and {Willcock}, {Simon} and {Wöll}, {Hannsjörg} and {Woods}, {John T.} and {Zemagho}, {Lise}},
	year = {2020},
	month = {03},
	date = {2020-03-05},
	journal = {Nature},
	pages = {80--87},
	volume = {579},
	number = {7797},
	doi = {10.1038/s41586-020-2035-0},
	url = {http://www.nature.com/articles/s41586-020-2035-0},
	langid = {en}
}

@article{haddad2015,
	title = {Habitat fragmentation and its lasting impact on Earth's ecosystems},
	author = {{Haddad}, {Nick M.} and {Brudvig}, {Lars A.} and {Clobert}, {Jean} and {Davies}, {Kendi F.} and {Gonzalez}, {Andrew} and {Holt}, {Robert D.} and {Lovejoy}, {Thomas E.} and {Sexton}, {Joseph O.} and {Austin}, {Mike P.} and {Collins}, {Cathy D.} and {Cook}, {William M.} and {Damschen}, {Ellen I.} and {Ewers}, {Robert M.} and {Foster}, {Bryan L.} and {Jenkins}, {Clinton N.} and {King}, {Andrew J.} and {Laurance}, {William F.} and {Levey}, {Douglas J.} and {Margules}, {Chris R.} and {Melbourne}, {Brett A.} and {Nicholls}, {A. O.} and {Orrock}, {John L.} and {Song}, {Dan Xia} and {Townshend}, {John R.}},
	year = {2015},
	date = {2015},
	journal = {Science Advances},
	pages = {1--10},
	volume = {1},
	number = {2},
	doi = {10.1126/sciadv.1500052},
	note = {PMID: 26601154}
}

@article{poorter2016,
	title = {Biomass resilience of Neotropical secondary forests},
	author = {{Poorter}, {Lourens} and {Bongers}, {Frans} and {Aide}, {T. Mitchell} and {Zambrano}, {Angélica M. Almeyda} and {Balvanera}, {Patricia} and {Becknell}, {Justin M.} and {Boukili}, {Vanessa} and {Brancalion}, {Pedro H. S.} and {Broadbent}, {Eben N.} and {Chazdon}, {Robin L.} and {Craven}, {Dylan} and {Almeida-Cortez}, {Jarcilene S. De} and {Cabral}, {George A. L.} and {Jong}, {Ben H. J. De} and {Denslow}, {Julie S.} and {Dent}, {Daisy H.} and {DeWalt}, {Saara J.} and {Dupuy}, {Juan M.} and {Durán}, {Sandra M.} and {Espírito-Santo}, {Mario M.} and {Fandino}, {Mariá C.} and {César}, {Ricardo G.} and {Hall}, {Jefferson S.} and {Hernandez-Stefanoni}, {José Luis} and {Jakovac}, {Catarina C.} and {Junqueira}, {André B.} and {Kennard}, {Deborah} and {Letcher}, {Susan G.} and {Licona}, {Juan Carlos} and {Lohbeck}, {Madelon} and {Marín-Spiotta}, {Erika} and {Martínez-Ramos}, {Miguel} and {Massoca}, {Paulo} and {Meave}, {Jorge A.} and {Mesquita}, {Rita} and {Mora}, {Francisco} and {Munõz}, {Rodrigo} and {Muscarella}, {Robert} and {Nunes}, {Yule R. F.} and {Ochoa-Gaona}, {Susana} and {Oliveira}, {Alexandre A. De} and {Orihuela-Belmonte}, {Edith} and {Penã-Claros}, {Marielos} and {Pérez-Garciá}, {Eduardo A.} and {Piotto}, {Daniel} and {Powers}, {Jennifer S.} and {Rodríguez-Velázquez}, {Jorge} and {Romero-Pérez}, {I. Eunice} and {Ruíz}, {Jorge} and {Saldarriaga}, {Juan G.} and {Sanchez-Azofeifa}, {Arturo} and {Schwartz}, {Naomi B.} and {Steininger}, {Marc K.} and {Swenson}, {Nathan G.} and {Toledo}, {Marisol} and {Uriarte}, {Maria} and {Breugel}, {Michiel Van} and {Wal}, {Hans Van Der} and {Veloso}, {Maria D. M.} and {Vester}, {Hans F. M.} and {Vicentini}, {Alberto} and {Vieira}, {Ima C. G.} and {Bentos}, {Tony Vizcarra} and {Williamson}, {G. Bruce} and {Rozendaal}, {Danaë M. A.}},
	year = {2016},
	month = {02},
	date = {2016-02},
	journal = {Nature},
	pages = {211--214},
	volume = {530},
	number = {7589},
	doi = {10.1038/nature16512},
	note = {Publisher: Nature Publishing Group
PMID: 26840632}
}

@article{rozendaal2019,
	title = {Biodiversity recovery of Neotropical secondary forests},
	author = {{Rozendaal}, {Danaë M. A.} and {Bongers}, {Frans} and {Aide}, {T. Mitchell} and {Alvarez-Dávila}, {Esteban} and {Ascarrunz}, {Nataly} and {Balvanera}, {Patricia} and {Becknell}, {Justin M.} and {Bentos}, {Tony V.} and {Brancalion}, {Pedro H. S.} and {Cabral}, {George A. L.} and {Calvo-Rodriguez}, {Sofia} and {Chave}, {Jerome} and {César}, {Ricardo G.} and {Chazdon}, {Robin L.} and {Condit}, {Richard} and {Dallinga}, {Jorn S.} and {Almeida-Cortez}, {Jarcilene S. De} and {Jong}, {Ben De} and {Oliveira}, {Alexandre De} and {Denslow}, {Julie S.} and {Dent}, {Daisy H.} and {DeWalt}, {Saara J.} and {Dupuy}, {Juan Manuel} and {Durán}, {Sandra M.} and {Dutrieux}, {Loïc P.} and {Espírito-Santo}, {Mario M.} and {Fandino}, {María C.} and {Fernandes}, {G. Wilson} and {Finegan}, {Bryan} and {García}, {Hernando} and {Gonzalez}, {Noel} and {Moser}, {Vanessa Granda} and {Hall}, {Jefferson S.} and {Hernández-Stefanoni}, {José Luis} and {Hubbell}, {Stephen} and {Jakovac}, {Catarina C.} and {Hernández}, {Alma Johanna} and {Junqueira}, {André B.} and {Kennard}, {Deborah} and {Larpin}, {Denis} and {Letcher}, {Susan G.} and {Licona}, {Juan Carlos} and {Lebrija-Trejos}, {Edwin} and {Marín-Spiotta}, {Erika} and {Martínez-Ramos}, {Miguel} and {Massoca}, {Paulo E. S.} and {Meave}, {Jorge A.} and {Mesquita}, {Rita C. G.} and {Mora}, {Francisco} and {Müller}, {Sandra C.} and {Muñoz}, {Rodrigo} and {Neto}, {Silvio Nolasco De Oliveira} and {Norden}, {Natalia} and {Nunes}, {Yule R. F.} and {Ochoa-Gaona}, {Susana} and {Ortiz-Malavassi}, {Edgar} and {Ostertag}, {Rebecca} and {Peña-Claros}, {Marielos} and {Pérez-García}, {Eduardo A.} and {Piotto}, {Daniel} and {Powers}, {Jennifer S.} and {Aguilar-Cano}, {José} and {Rodriguez-Buritica}, {Susana} and {Rodríguez-Velázquez}, {Jorge} and {Romero-Romero}, {Marco Antonio} and {Ruíz}, {Jorge} and {Sanchez-Azofeifa}, {Arturo} and {Almeida}, {Arlete Silva De} and {Silver}, {Whendee L.} and {Schwartz}, {Naomi B.} and {Thomas}, {William Wayt} and {Toledo}, {Marisol} and {Uriarte}, {Maria} and {Sampaio}, {Everardo Valadares De Sá} and {Breugel}, {Michiel Van} and {Wal}, {Hans Van Der} and {Martins}, {Sebastião Venâncio} and {Veloso}, {Maria D. M.} and {Vester}, {Hans F. M.} and {Vicentini}, {Alberto} and {Vieira}, {Ima C. G.} and {Villa}, {Pedro} and {Williamson}, {G. Bruce} and {Zanini}, {Kátia J.} and {Zimmerman}, {Jess} and {Poorter}, {Lourens}},
	year = {2019},
	date = {2019},
	journal = {Science Advances},
	volume = {5},
	number = {3},
	doi = {10.1126/sciadv.aau3114},
	note = {PMID: 30854424}
}

@article{rozendaal2015,
	title = {Demographic drivers of tree biomass change during secondary succession in northeastern Costa Rica},
	author = {{Rozendaal}, {Danae M. A.} and {Chazdon}, {Robin L.}},
	year = {2015},
	date = {2015},
	journal = {Ecological Applications},
	pages = {506--516},
	volume = {25},
	number = {2},
	doi = {10.1890/14-0054.1},
	note = {PMID: 26263671}
}

@article{ordway2020,
	title = {Carbon declines along tropical forest edges correspond to heterogeneous effects on canopy structure and function},
	author = {{Ordway}, {Elsa M.} and {Asner}, {Gregory P.}},
	year = {2020},
	month = {04},
	date = {2020-04-07},
	journal = {Proceedings of the National Academy of Sciences},
	pages = {7863--7870},
	volume = {117},
	number = {14},
	doi = {10.1073/pnas.1914420117},
	url = {http://www.pnas.org/lookup/doi/10.1073/pnas.1914420117},
	langid = {en}
}

@article{poorter2019,
	title = {Wet and dry tropical forests show opposite successional pathways in wood density but converge over time},
	author = {{Poorter}, {Lourens} and {Rozendaal}, {Danaë M. A.} and {Bongers}, {Frans} and {de Almeida-Cortez}, {Jarcilene S.} and {Almeyda Zambrano}, {Angélica María} and {Álvarez}, {Francisco S.} and {Andrade}, {José Luís} and {Villa}, {Luis Felipe Arreola} and {Balvanera}, {Patricia} and {Becknell}, {Justin M.} and {Bentos}, {Tony V.} and {Bhaskar}, {Radika} and {Boukili}, {Vanessa} and {Brancalion}, {Pedro H. S.} and {Broadbent}, {Eben N.} and {César}, {Ricardo G.} and {Chave}, {Jerome} and {Chazdon}, {Robin L.} and {Colletta}, {Gabriel Dalla} and {Craven}, {Dylan} and {de Jong}, {Ben H. J.} and {Denslow}, {Julie S.} and {Dent}, {Daisy H.} and {DeWalt}, {Saara J.} and {García}, {Elisa Díaz} and {Dupuy}, {Juan Manuel} and {Durán}, {Sandra M.} and {Espírito Santo}, {Mário M.} and {Fandiño}, {María C.} and {Fernandes}, {Geraldo Wilson} and {Finegan}, {Bryan} and {Moser}, {Vanessa Granda} and {Hall}, {Jefferson S.} and {Hernández-Stefanoni}, {José Luis} and {Jakovac}, {Catarina C.} and {Junqueira}, {André B.} and {Kennard}, {Deborah} and {Lebrija-Trejos}, {Edwin} and {Letcher}, {Susan G.} and {Lohbeck}, {Madelon} and {Lopez}, {Omar R.} and {Marín-Spiotta}, {Erika} and {Martínez-Ramos}, {Miguel} and {Martins}, {Sebastião V.} and {Massoca}, {Paulo E. S.} and {Meave}, {Jorge A.} and {Mesquita}, {Rita} and {Mora}, {Francisco} and {de Souza Moreno}, {Vanessa} and {Müller}, {Sandra C.} and {Muñoz}, {Rodrigo} and {Muscarella}, {Robert} and {de Oliveira Neto}, {Silvio Nolasco} and {Nunes}, {Yule R. F.} and {Ochoa-Gaona}, {Susana} and {Paz}, {Horacio} and {Peña-Claros}, {Marielos} and {Piotto}, {Daniel} and {Ruíz}, {Jorge} and {Sanaphre-Villanueva}, {Lucía} and {Sanchez-Azofeifa}, {Arturo} and {Schwartz}, {Naomi B.} and {Steininger}, {Marc K.} and {Thomas}, {William Wayt} and {Toledo}, {Marisol} and {Uriarte}, {Maria} and {Utrera}, {Luis P.} and {van Breugel}, {Michiel} and {van der Sande}, {Masha T.} and {van der Wal}, {Hans} and {Veloso}, {Maria D. M.} and {Vester}, {Hans F. M.} and {Vieira}, {Ima C. G.} and {Villa}, {Pedro Manuel} and {Williamson}, {G. Bruce} and {Wright}, {S. Joseph} and {Zanini}, {Kátia J.} and {Zimmerman}, {Jess K.} and {Westoby}, {Mark}},
	year = {2019},
	month = {06},
	date = {2019-06},
	journal = {Nature Ecology & Evolution},
	pages = {928--934},
	volume = {3},
	number = {6},
	doi = {10.1038/s41559-019-0882-6},
	url = {http://www.nature.com/articles/s41559-019-0882-6},
	langid = {en}
}
